@online{TAG,
    author = {AUTHOR},
    title = {REF TITLE},
    year = 2015,
    url = {http://www.url.com/},
    urldate = {\today},
    organization = {ORG},
}


@online{ECHR,
    author = {Wikipedia},
    title = {European Convention on Human Rights},
    year = 2015,
    url = {https://en.wikipedia.org/wiki/European_Convention_on_Human_Rights#Article_8_-_privacy},
    urldate = {\today},
    organization = {Wikipedia},
}