@online{TAG,
    author = {AUTHOR},
    title = {REF TITLE},
    year = 2015,
    url = {http://www.url.com/},
    urldate = {\today},
    organization = {ORG},
}

@book{singh,
    author    = "Simon Singh",
    title     = "The code Book",
    year      = "1999",
    publisher = "Livre de poche",
}

@book{goossens93,
    author    = "David Kahn",
    title     = "The Codebreakers â€“ The Story of Secret Writing",
    year      = "1967",
    publisher = "Sphere",
    isbn      = "0-684-83130-9"
}

@online{keylength,
    author = {BlueKrypt},
    title = {Cryptographic Key Length Recommendation},
    year = 2015,
    url = {http://www.keylength.com},
    urldate = {\today},
    organization = {BlueKrypt},
}